@ARTICLE{182763,
    author  = {},
    journal = {IEEE Std 610},
    title   = "{\it IEEE Standard Computer Dictionary: A Compilation of IEEE Standard Computer Glossaries}",
    year    = {1991},
    pages   = {1-217},
    doi     = {10.1109/IEEESTD.1991.106963},
    url     = "https://ieeexplore.ieee.org/document/182763",
    note    = "[Online; Accessed: 2019-11-12]",
}

@INPROCEEDINGS{8748529,
    author    = {P. {Jain} and A. {Sharma} and L. {Ahuja}},
    booktitle = {2018 7th International Conference on Reliability, Infocom Technologies and Optimization (Trends and Future Directions) (ICRITO)},
    title     = "{\it The Impact of Agile Software Development Process on the Quality of Software Product}",
    year      = {2018},
    pages     = {812-815},
    doi       = {10.1109/ICRITO.2018.8748529},
    url       = {https://ieeexplore.ieee.org/document/8748529},
    note      = "[Online; Accessed: 2019-11-12]",
}

@ARTICLE{7006383,
    author  = {L. R. {Vijayasarathy} and C. W. {Butler}},
    journal = {IEEE Software},
    title   = "{\it Choice of Software Development Methodologies: Do Organizational, Project, and Team Characteristics Matter?}",
    year    = {2016},
    pages   = {86-94},
    doi     = {10.1109/MS.2015.26},
    url     = {https://ieeexplore.ieee.org/document/7006383},
    note    = "[Online; Accessed: 2019-11-12]",
}
