@MISC{BOOK:open-source-def,
    author = {DiBona, Chris and Ockman, Sam and Stone, Mark and Behlendorf, Brian and Bradner, Scott and Hamerly, Jim and McKusick, Kirk and O'Reilly, Tim and Paquin, Tom and Perens, Bruce and Raymond, Eric and Stallman, Richard and Tiemann, Michael and Torvalds, Linus and Vixie, Paul and Wall, Larry and Young, Bob},
    title = {Open Sources: Voices from the Open Source Revolution},
    year = {1999},
    url = {https://www.oreilly.com/openbook/opensources/book/},
    note   = "[Online; Accessed: 2019-10-27]",
    isbn = {1565925823},
}

@MISC{WP:opensource,
    author = "{Opensource.org}",
    title  = "{\it The Open Source Definition}",
    year   = "2007-03-22",
    url    = "https://opensource.org/docs/osd",
    note   = "[Online; Accessed: 2019-10-27]",
}

@MISC{WP:opensource-debian,
    author = "{Software in the Public Interest, Inc. and others}",
    title  = "{\it Debian Social Contract}",
    year   = "2019-07-16",
    url    = "https://www.debian.org/social\_contract.en.html\#guidelines",
    note   = "[Online; Accessed: 2019-10-27]",
}

@MISC{WP:what-is-os,
    author = "{Red Hat, Inc.}",
    title  = "{\it What is open source?}",
    year   = "2019",
    url    = "https://opensource.com/resources/what-open-source",
    note   = "[Online; Accessed: 2019-10-27]",
}

@MISC{EXAMPLE,
    author = "{Name Surname}",
    title  = "{\it Title}",
    year   = "2018-12-05",
    url    = "https://www.google.com/",
    note   = "[Online; Accessed: 2019-10-27]",
}
